@Book{han99,
  author =       "Hegering, H.-G. and Abeck, S. and Neumair, B.",
  title =        "Integrated Management of Networked Systems -- Concepts, Architectures and their Operational Application",
  publisher =    "Morgan Kaufmann Publishers, ISBN 1-55860-571-1",
  year =         1999,
  key =          "HAN 99",
  pages =        {651},
  note =   {651 p.},
}

@Book{GMS00,
  author =       "M. Goossens, F. Mittelbach and A. Samarin",
  title =        "Der LaTeX Begleiter",
  publisher =    "Addison-Wesley, ISBN 3-8273-1689-8",
  year =         2000,
  key =          "GMS 00",
}

@Book{kop02,
  author =       "Kopka, Helmut",
  title =        "LaTeX, Band 1: Einführung",
  publisher =    "Addison-Wesley, ISBN 3-8273-7038-8",
  year =         2002,
  key =          "KOP 02",
}

@Book{han99a,
  author =       "Hegering, H.-G. and Abeck, S. and Neumair, B.",
  title =        "Integriertes Management vernetzter Systeme --- Konzepte, Architekturen und deren betrieblicher Einsatz",
  publisher =    "dpunkt-Verlag, ISBN 3-932588-16-9",
  year =         1999,
  key =          "HAN 99a",
  pages = {607},
  note =        {607 S.},
  url =          "http://www.dpunkt.de/produkte/management.html",
}

@Manual{hein99,
  title = 	 {Listings.dtx Version 0.2000},
  key = 	 {Hein 99},
  author = 	 {C. Heinz},
  OPTorganization = {},
  OPTaddress = 	 {},
  OPTedition = 	 {},
  OPTmonth = 	 {},
  year = 	 {1996-1999},
  note = 	 {\LaTeX--Package},
  OPTannote = 	 {},
  url =          {file:/usr/share/texmf/doc/latex/styles/listings.dvi}
}

@Manual{scraro00,
  title = 	 {A New Implementation of LaTeX's verbatim and verbatim* Environments},
  key = 	 {ScRaRo 00},
  author = 	 {R. Schöpf and B. Raichle and C. Rowley},
  OPTorganization = {},
  OPTaddress = 	 {},
  OPTedition = 	 {},
  month = 	 aug,
  year = 	 {2000},
  note = 	 {\LaTeX--Package},
  OPTannote = 	 {},
  url =          {file:/usr/share/texmf/doc/latex/tools/verbatim.dvi}
}

@Manual{carl99,
  title = 	 {Packages in the `graphics' bundle},
  key = 	 {Carl 99},
  author = 	 {D. P. Carlisle},
  OPTorganization = {},
  OPTaddress = 	 {},
  OPTedition = 	 {},
  month = 	 jan,
  year = 	 {1999},
  note = 	 {\LaTeX--Package},
  OPTannote = 	 {},
  url =          {file:/usr/share/texmf/doc/latex/graphics/grfguide.ps}
}

@Manual{lamp87,
  title = 	 {MakeIndex: An Index Processor For LaTeX},
  key = 	 {Lamp 87},
  author = 	 {L. Lamport},
  OPTorganization = {},
  OPTaddress = 	 {},
  OPTedition = 	 {},
  month = 	 feb,
  year = 	 {1987},
  note = 	 {\LaTeX--Package},
  OPTannote = 	 {},
  url =          {file:/usr/share/texmf/doc/makeindex/makeindex.dvi}
}

@Manual{oost95,
  title = 	 {Summary of commands in picins.sty},
  key = 	 {Oost 95},
  author = 	 {P. van Oostrum},
  OPTorganization = {},
  OPTaddress = 	 {},
  OPTedition = 	 {},
  month = 	 apr,
  year = 	 {1995},
  note = 	 {\LaTeX--Package},
  OPTannote = 	 {},
  url =          {file:/usr/share/texmf/doc/latex/styles/picins.txt}
}

@Manual{scha00,
  title = 	 {nomencl -- A Package to Create a Nomenclature},
  key = 	 {Scha 00},
  author = 	 {B. Schandl},
  OPTorganization = {},
  OPTaddress = 	 {},
  OPTedition = 	 {},
  month = 	 jan,
  year = 	 {2000},
  note = 	 {\LaTeX--Package},
  OPTannote = 	 {},
  url =          {file:/usr/share/texmf/doc/latex/nomencl/nomencl.dvi}
}

@Manual{pata88,
  title = 	 {BibTeXing},
  key = 	 {Pata 88},
  author = 	 {O. Patashnik},
  OPTorganization = {},
  OPTaddress = 	 {},
  OPTedition = 	 {},
  month = 	 feb,
  year = 	 {1988},
  note = 	 {\LaTeX--Package},
  OPTannote = 	 {},
  url =          {file:/usr/share/texmf/doc/bibtex/base/btxdoc.dvi}
}

@Manual{raht98,
  title = 	 {Hypertext marks in \LaTeX: the hyperref package},
  key = 	 {Raht 98},
  author = 	 {S. Rahtz},
  OPTorganization = {},
  OPTaddress = 	 {},
  OPTedition = 	 {},
  month = 	 jun,
  year = 	 {1998},
  note = 	 {\LaTeX--Package},
  OPTannote = 	 {},
  url =          {file:/usr/share/texmf/doc/latex/hyperref/manual.pdf}
}

@Manual{brju99,
  title = 	 {The supertabular environment},
  key = 	 {BrJu 99},
  author = 	 {J. Braams and T. Jurriens},
  OPTorganization = {},
  OPTaddress = 	 {},
  OPTedition = 	 {},
  month = 	 aug,
  year = 	 {1999},
  note = 	 {\LaTeX--Package},
  OPTannote = 	 {},
  url =          {file:/usr/share/texmf/doc/latex/supertab/supertabular.dvi}
}

@InProceedings{ober99,
  author = 	 {H. Oberdiek},
  title = 	 {PDF information and navigation elements with hyperref, pdfTeX, and thumbpdf},
  booktitle = 	 {EuroTeX'99 Proceedings},
  OPTcrossref =  {},
  key = 	 {Ober 99},
  OPTpages = 	 {},
  year = 	 {1999},
  OPTeditor = 	 {},
  OPTvolume = 	 {},
  OPTnumber = 	 {},
  OPTseries = 	 {},
  OPTaddress = 	 {},
  month = 	 sep,
  OPTorganization = {},
  OPTpublisher = {},
  OPTnote = 	 {},
  OPTannote = 	 {},
  url =          {file:/usr/share/texmf/doc/latex/hyperref/paper.pdf}
}

@Book{kant87,
  author = 	 {I. Kant},
  title = 	 {Kritik der reinen Vernunft},
  publisher = 	 {},
  year = 	 {1787},
  key = 	 {Kant 87},
  OPTvolume = 	 {},
  OPTnumber = 	 {},
  OPTseries = 	 {},
  OPTaddress = 	 {},
  edition = 	 {Zweite hin und wieder verbesserte Auflage},
  OPTmonth = 	 {},
  OPTnote = 	 {},
  OPTannote = 	 {}
}

@Book{kafk25,
  author = 	 {F. Kafka},
  title = 	 {Der Prozeß},
  publisher = 	 {},
  year = 	 {1925},
  key = 	 {Kafk 25},
  OPTvolume = 	 {},
  OPTnumber = 	 {},
  OPTseries = 	 {},
  OPTaddress = 	 {},
  OPTedition = 	 {},
  OPTmonth = 	 {},
  OPTnote = 	 {},
  OPTannote = 	 {}
}

@misc{hopkins2006aoe,
  title={AoE (ATA over Ethernet)},
  author={Hopkins, S and Coile, B},
  year={2006},
  publisher={The Brantley Coile Company}
}

@misc{wiki_mdstat,
   author = "Linux Raid Wiki",
   title = "Mdstat",
   year = "2012",
   month = "dec",
   day = "11",
   note = {\url{https://raid.wiki.kernel.org/index.php?title=Mdstat&oldid=2911}},
}

@misc{wiki_xen_version,
   author = "Xen Wiki",
   title = "Xen Version Compatibility",
   year = "2013",
   month = "jan",
   day = "28",
   note = {\url{http://wiki.xen.org/wiki?title=Xen_Version_Compatibility&oldid=6219}},
}

@misc{skript,
   author = {Vitalian Danciu and Dieter Kranzlmüller},
   title = "Skriptum zur Vorlesung Virtualisierte Systeme",
   year = "2013",
   note = {Erste Fassung für das Wintersemester 2012/2013},
}

@misc{skriptp,
   author = {Vitalian Danciu and Dieter Kranzlmüller},
   title = "Aufgaben zum Praktikum Virtualisierte Systeme",
   year = "2013",
   note = {Erste Fassung für das Sommersemester 2013},
}

@article{man_xendconfig,
  title={man xend-config.sxp(5) -- Xen daemon configuration file, the man page},
  year={2013},
  month={jan},
  day={22},
}

@article{man_lvm,
  title={man lvm(8) -- LVM2 tools, the man page},
  institution={Sistina Software UK},
  year={2012},
  month={mar},
  day={06},
}

@article{man_md,
  title={man md(4) -- Multiple Device aka Linux Software RAID, the man page},
}

@article{man_mdadm,
  title={man mdadm(8) -- manage MD devices aka Linux Software RAID, the man page},
}

@article{man_gdisk,
  title={man gdisk(8) -- GPT fdisk, the man page},
}

@article{man_ovsvsctl,
  title={man ovs-vsctl(8) -- utility for querying and configuring ovs-vswitchd, the man page},
  institution={Open vSwitch Community},
  year={2009},
  month={nov},
}

@article{man_xencreateimage,
  title={man xen-create-image(8) -- Easily create new Xen instances with networking and OpenSSH, the man page},
  year={2012},
  month={jun},
  day={30},
}

@article{man_xm,
  title={man xm(1) -- Xen management user interface, the man page},
  year={2013},
  month={jan},
  day={22},
}

@article{man_iperf,
  title={man iperf(1) -- perform network throughput tests, the man page},
  year={2008},
  month={apr},
}

@article{man_tcpdump,
  title={man tcpdump(8) -- dump traffic on a network, the man page},
  year={2009},
  month={mar},
  day={5}
}

@article{man_tshark,
  title={man tshark(1) -- Wireshark Network Analyzer, the man page},
  year={2008},
  month={apr},
}

@article{man_vblade,
  title={man vblade(8) -- export data via ATA over Ethernet, the man page},
}

@article{man_aoediscover,
  title={man aoe-discover(8) -- tell aoe driver to discover AoE devices, the man page},
}


@article{man_drbdconf,
  title={man drbd.conf(5) -- Configuration file for DRBD's devices, the man page},
  year={2008},
  month={dec},
  day={5},
}


@article{man_drbdadm,
  title={man drbdadm(8) -- Administration tool for DRBD, the man page},
  year={2008},
  month={dec},
  day={5},
}




@inproceedings{clark2005live,
  title={Live migration of virtual machines},
  author={Clark, Christopher and Fraser, Keir and Hand, Steven and Hansen, Jacob Gorm and Jul, Eric and Limpach, Christian and Pratt, Ian and Warfield, Andrew},
  booktitle={Proceedings of the 2nd conference on Symposium on Networked Systems Design \& Implementation-Volume 2},
  pages={273--286},
  year={2005},
  organization={USENIX Association}
}

@misc{rfc3720,
  added-at = {2009-11-15T15:37:34.000+0100},
  author = {Satran, J. and Meth, K. and Sapuntzakis, C. and Chadalapaka, M. and Zeidner, E.},
  biburl = {http://www.bibsonomy.org/bibtex/2ad208eb9f9e214337d423a93466cffdf/henkellermann},
  howpublished = {RFC 3720 (Proposed Standard)},
  interhash = {d461b32cba84ac10ba1c00d1f0d3804a},
  intrahash = {ad208eb9f9e214337d423a93466cffdf},
  keywords = {imported},
  month = {April},
  note = {Updated by RFCs 3980, 4850, 5048},
  number = 3720,
  organization = {Internet Engineering Task Force},
  publisher = {IETF},
  series = {Request for Comments},
  timestamp = {2009-11-15T15:37:34.000+0100},
  title = {{Internet Small Computer Systems Interface (iSCSI)}},
  url = {http://www.ietf.org/rfc/rfc3720.txt},
  year = 2004
}
